<?xml version="1.0" encoding="UTF-8"?><collection xmlns="http://www.loc.gov/MARC21/slim"><record><leader>00483nam--2200157-i-4500</leader><controlfield tag="001">000016123</controlfield><controlfield tag="002">20161230</controlfield><controlfield tag="005">20170114001650</controlfield><controlfield tag="008">060222s1000------------r-----000-0-eng-d</controlfield><datafield ind1=" " ind2=" " tag="080"><subfield code="a">548.5(043)</subfield></datafield><datafield ind1=" " ind2=" " tag="100"><subfield code="a">Cahoreau, Martine</subfield></datafield><datafield ind1=" " ind2=" " tag="245"><subfield code="a">Contribution a l etude experimentale et theori que de la croissance epitaxique d un metal sur un support metallique</subfield><subfield code="b">these</subfield></datafield><datafield ind1=" " ind2=" " tag="260"><subfield code="a">Marseille</subfield><subfield code="b">L Universite</subfield><subfield code="c">1970</subfield></datafield><datafield ind1=" " ind2=" " tag="300"><subfield code="a">129 p.+ Fig</subfield></datafield><datafield ind1=" " ind2=" " tag="852"><subfield code="a">76985</subfield></datafield><datafield ind1=" " ind2=" " tag="CAT"><subfield code="a">SYS</subfield><subfield code="c">20170114</subfield><subfield code="h">001650</subfield></datafield></record></collection>